%% LaTeX2e file `references.bib'
%% generated by the `filecontents' environment
%% from source `template' on 2024/12/26.
%%

  @inproceedings{wang2022learning,
  title={Learning from the cnn-based compressed domain},
  author={Wang, Zhenzhen and Qin, Minghai and Chen, Yen-Kuang},
  booktitle={Proceedings of the IEEE/CVF Winter Conference on Applications of Computer Vision},
  pages={3582--3590},
  year={2022}
}

@article{azimi2020structural,
  title={Structural health monitoring using extremely compressed data through deep learning},
  author={Azimi, Mohsen and Pekcan, Gokhan},
  journal={Computer-Aided Civil and Infrastructure Engineering},
  volume={35},
  number={6},
  pages={597--614},
  year={2020},
  publisher={Wiley Online Library}
}


@Article{Li2023ModelCF,
 author = {Zhuo Li and Hengyi Li and Lin Meng},
 booktitle = {De Computis},
 journal = {Comput.},
 pages = {60},
 title = {Model Compression for Deep Neural Networks: A Survey},
 volume = {12},
 year = {2023}
}


@Article{Szegedy2013IntriguingPO,
 author = {Christian Szegedy and Wojciech Zaremba and I. Sutskever and Joan Bruna and D. Erhan and I. Goodfellow and R. Fergus},
 booktitle = {International Conference on Learning Representations},
 journal = {CoRR},
 title = {Intriguing properties of neural networks},
 volume = {abs/1312.6199},
 year = {2013}
}


@Article{Hendrycks2019BenchmarkingNN,
 author = {Dan Hendrycks and Thomas G. Dietterich},
 booktitle = {International Conference on Learning Representations},
 journal = {ArXiv},
 title = {Benchmarking Neural Network Robustness to Common Corruptions and Perturbations},
 volume = {abs/1903.12261},
 year = {2019}
}


@Article{A.M2014JpegIC,
 author = {Raid A.M and K. W.M and El-dosuky M. A and W. Ahmed},
 booktitle = {arXiv.org},
 journal = {ArXiv},
 title = {Jpeg Image Compression Using Discrete Cosine Transform - A Survey},
 volume = {abs/1405.6147},
 year = {2014}
}


@Article{Machiraju2023FrequencyBasedVA,
 author = {Harshitha Machiraju and M. Herzog and P. Frossard},
 booktitle = {arXiv.org},
 journal = {ArXiv},
 title = {Frequency-Based Vulnerability Analysis of Deep Learning Models against Image Corruptions},
 volume = {abs/2306.07178},
 year = {2023}
}


@Article{Khan2022ExtractingTM,
 author = {Zirak Khan and Farrukh Arslan and Faseeha Munir and Mubashir Ali and Shahrukh},
 booktitle = {VFAST Transactions on Software Engineering},
 journal = {VFAST Transactions on Software Engineering},
 title = {Extracting the most important Discrete Cosine Transform (DCT) Coefficients for Image Compression using Deep Learning},
 year = {2022}
}


@Article{Zhong2021UnderstandingLR,
 author = {Ziyuan Zhong and Yuchi Tian and Baishakhi Ray},
 booktitle = {Fundamental Approaches to Software Engineering},
 journal = {Fundamental Approaches to Software Engineering},
 pages = {313 - 337},
 title = {Understanding Local Robustness of Deep Neural Networks under Natural Variations},
 volume = {12649},
 year = {2021}
}


@Inproceedings{Mukhopadhyay2011ImageAV,
 author = {J. Mukhopadhyay},
 title = {Image and Video Processing in the Compressed Domain},
 year = {2011}
}


@Article{Yan2023ImprovingRW,
 author = {Zheyu Yan and Yifan Qin and Wujie Wen and X. Hu and Yi Shi},
 booktitle = {2023 IEEE/ACM International Conference on Computer Aided Design (ICCAD)},
 journal = {2023 IEEE/ACM International Conference on Computer Aided Design (ICCAD)},
 pages = {1-9},
 title = {Improving Realistic Worst-Case Performance of NVCiM DNN Accelerators Through Training with Right-Censored Gaussian Noise},
 year = {2023}
}


@Article{Mintun2021OnIB,
 author = {Eric Mintun and A. Kirillov and Saining Xie},
 booktitle = {Neural Information Processing Systems},
 journal = {ArXiv},
 title = {On Interaction Between Augmentations and Corruptions in Natural Corruption Robustness},
 volume = {abs/2102.11273},
 year = {2021}
}


@Article{Mintun2021OnIB,
 author = {Eric Mintun and A. Kirillov and Saining Xie},
 booktitle = {Neural Information Processing Systems},
 journal = {ArXiv},
 title = {On Interaction Between Augmentations and Corruptions in Natural Corruption Robustness},
 volume = {abs/2102.11273},
 year = {2021}
}


@Article{Jia2019ExploringFD,
 author = {Zhongfan Jia and Chenglong Bao and Kaisheng Ma},
 booktitle = {arXiv.org},
 journal = {ArXiv},
 title = {Exploring Frequency Domain Interpretation of Convolutional Neural Networks},
 volume = {abs/1911.12044},
 year = {2019}
}


@Article{Gueguen2018FasterNN,
 author = {L. Gueguen and Alexander Sergeev and B. Kadlec and Rosanne Liu and J. Yosinski},
 booktitle = {Neural Information Processing Systems},
 pages = {3937-3948},
 title = {Faster Neural Networks Straight from JPEG},
 year = {2018}
}

