%% LaTeX2e file `references.bib'
%% generated by the `filecontents' environment
%% from source `template' on 2024/12/26.
%%

  @inproceedings{wang2022learning,
  title={Learning from the cnn-based compressed domain},
  author={Wang, Zhenzhen and Qin, Minghai and Chen, Yen-Kuang},
  booktitle={Proceedings of the IEEE/CVF Winter Conference on Applications of Computer Vision},
  pages={3582--3590},
  year={2022}
}

@article{azimi2020structural,
  title={Structural health monitoring using extremely compressed data through deep learning},
  author={Azimi, Mohsen and Pekcan, Gokhan},
  journal={Computer-Aided Civil and Infrastructure Engineering},
  volume={35},
  number={6},
  pages={597--614},
  year={2020},
  publisher={Wiley Online Library}
}


@Article{Jiang2017AnEC,
 author = {F. Jiang and Wen Tao and Shaohui Liu and Jie Ren and Xun Guo and Debin Zhao},
 booktitle = {IEEE transactions on circuits and systems for video technology (Print)},
 journal = {IEEE Transactions on Circuits and Systems for Video Technology},
 pages = {3007-3018},
 title = {An End-to-End Compression Framework Based on Convolutional Neural Networks},
 volume = {28},
 year = {2017}
}


@Article{Deng2012TheMD,
 author = {L. Deng},
 booktitle = {IEEE Signal Processing Magazine},
 journal = {IEEE Signal Processing Magazine},
 pages = {141-142},
 title = {The MNIST Database of Handwritten Digit Images for Machine Learning Research [Best of the Web]},
 volume = {29},
 year = {2012}
}


@Article{Ballé2016EndtoendOI,
 author = {J. Ballé and Valero Laparra and Eero P. Simoncelli},
 booktitle = {International Conference on Learning Representations},
 journal = {ArXiv},
 title = {End-to-end Optimized Image Compression},
 volume = {abs/1611.01704},
 year = {2016}
}


@Article{Hestness2017DeepLS,
 author = {Joel Hestness and Sharan Narang and Newsha Ardalani and G. Diamos and Heewoo Jun and Hassan Kianinejad and Md. Mostofa Ali Patwary and Yang Yang and Yanqi Zhou},
 booktitle = {arXiv.org},
 journal = {ArXiv},
 title = {Deep Learning Scaling is Predictable, Empirically},
 volume = {abs/1712.00409},
 year = {2017}
}


@Article{Wu2023TaskawareCF,
 author = {Di Wu and Jie Yang and Mohamad Sawan},
 booktitle = {Biomedical Circuits and Systems Conference},
 journal = {2023 IEEE Biomedical Circuits and Systems Conference (BioCAS)},
 pages = {1-5},
 title = {Task-aware Compression for Wearable Sensor Data},
 year = {2023}
}


@Article{Toderici2016FullRI,
 author = {G. Toderici and Damien Vincent and Nick Johnston and S. Hwang and David C. Minnen and Joel Shor and Michele Covell},
 booktitle = {Computer Vision and Pattern Recognition},
 journal = {2017 IEEE Conference on Computer Vision and Pattern Recognition (CVPR)},
 pages = {5435-5443},
 title = {Full Resolution Image Compression with Recurrent Neural Networks},
 year = {2016}
}


@Article{Toderici2016FullRI,
 author = {G. Toderici and Damien Vincent and Nick Johnston and S. Hwang and David C. Minnen and Joel Shor and Michele Covell},
 booktitle = {Computer Vision and Pattern Recognition},
 journal = {2017 IEEE Conference on Computer Vision and Pattern Recognition (CVPR)},
 pages = {5435-5443},
 title = {Full Resolution Image Compression with Recurrent Neural Networks},
 year = {2016}
}


@Inproceedings{Pennebaker1992JPEGSI,
 author = {W. B. Pennebaker and Joan L. Mitchell},
 title = {JPEG: Still Image Data Compression Standard},
 year = {1992}
}


@Article{Toderici2016FullRI,
 author = {G. Toderici and Damien Vincent and Nick Johnston and S. Hwang and David C. Minnen and Joel Shor and Michele Covell},
 booktitle = {Computer Vision and Pattern Recognition},
 journal = {2017 IEEE Conference on Computer Vision and Pattern Recognition (CVPR)},
 pages = {5435-5443},
 title = {Full Resolution Image Compression with Recurrent Neural Networks},
 year = {2016}
}


@Article{Gronland2023ConstrainedDR,
 author = {Axel Gronland and Alessio Russo and Yassir Jedra and Bleron Klaiqi and Xavier Gelabert},
 booktitle = {2024 IEEE International Conference on Machine Learning for Communication and Networking (ICMLCN)},
 journal = {2024 IEEE International Conference on Machine Learning for Communication and Networking (ICMLCN)},
 pages = {498-504},
 title = {Constrained Deep Reinforcement Learning for Fronthaul Compression Optimization},
 year = {2023}
}


@Article{Yang2022AnIT,
 author = {Yibo Yang and S. Mandt and Lucas Theis},
 booktitle = {Foundations and Trends in Computer Graphics and Vision},
 journal = {Found. Trends Comput. Graph. Vis.},
 pages = {113-200},
 title = {An Introduction to Neural Data Compression},
 volume = {15},
 year = {2022}
}


@Article{Kaplan2020ScalingLF,
 author = {J. Kaplan and Sam McCandlish and T. Henighan and Tom B. Brown and B. Chess and R. Child and Scott Gray and Alec Radford and Jeff Wu and Dario Amodei},
 booktitle = {arXiv.org},
 journal = {ArXiv},
 title = {Scaling Laws for Neural Language Models},
 volume = {abs/2001.08361},
 year = {2020}
}


@Article{Liu2020AUE,
 author = {Jiaheng Liu and Guo Lu and Zhihao Hu and Dong Xu},
 booktitle = {arXiv.org},
 journal = {ArXiv},
 title = {A Unified End-to-End Framework for Efficient Deep Image Compression},
 volume = {abs/2002.03370},
 year = {2020}
}


@Article{Liu2020AUE,
 author = {Jiaheng Liu and Guo Lu and Zhihao Hu and Dong Xu},
 booktitle = {arXiv.org},
 journal = {ArXiv},
 title = {A Unified End-to-End Framework for Efficient Deep Image Compression},
 volume = {abs/2002.03370},
 year = {2020}
}


@Article{Chamain2022EndtoEndIC,
 author = {Lahiru D. Chamain and Siyu Qi and Zhi Ding},
 booktitle = {IEEE Internet of Things Journal},
 journal = {IEEE Internet of Things Journal},
 pages = {21916-21931},
 title = {End-to-End Image Classification and Compression With Variational Autoencoders},
 volume = {9},
 year = {2022}
}


@Article{Yang2022AnIT,
 author = {Yibo Yang and S. Mandt and Lucas Theis},
 booktitle = {Foundations and Trends in Computer Graphics and Vision},
 journal = {Found. Trends Comput. Graph. Vis.},
 pages = {113-200},
 title = {An Introduction to Neural Data Compression},
 volume = {15},
 year = {2022}
}


@Article{Hu2020LearningEL,
 author = {Yueyu Hu and Wenhan Yang and Zhan Ma and Jiaying Liu},
 booktitle = {IEEE Transactions on Pattern Analysis and Machine Intelligence},
 journal = {IEEE Transactions on Pattern Analysis and Machine Intelligence},
 pages = {4194-4211},
 title = {Learning End-to-End Lossy Image Compression: A Benchmark},
 volume = {44},
 year = {2020}
}

