%% LaTeX2e file `references.bib'
%% generated by the `filecontents' environment
%% from source `template' on 2024/12/26.
%%

  @inproceedings{wang2022learning,
  title={Learning from the cnn-based compressed domain},
  author={Wang, Zhenzhen and Qin, Minghai and Chen, Yen-Kuang},
  booktitle={Proceedings of the IEEE/CVF Winter Conference on Applications of Computer Vision},
  pages={3582--3590},
  year={2022}
}

@article{azimi2020structural,
  title={Structural health monitoring using extremely compressed data through deep learning},
  author={Azimi, Mohsen and Pekcan, Gokhan},
  journal={Computer-Aided Civil and Infrastructure Engineering},
  volume={35},
  number={6},
  pages={597--614},
  year={2020},
  publisher={Wiley Online Library}
}


@Article{Katharopoulos2018NotAS,
 author = {Angelos Katharopoulos and F. Fleuret},
 booktitle = {International Conference on Machine Learning},
 pages = {2530-2539},
 title = {Not All Samples Are Created Equal: Deep Learning with Importance Sampling},
 year = {2018}
}


@Article{Beygelzimer2008ImportanceWA,
 author = {A. Beygelzimer and S. Dasgupta and J. Langford},
 booktitle = {International Conference on Machine Learning},
 pages = {49-56},
 title = {Importance weighted active learning},
 year = {2008}
}


@Article{Zhao2022MultiresourceIF,
 author = {Yihao Zhao and Yuanqiang Liu and Yanghua Peng and Yibo Zhu and Xuanzhe Liu and Xin Jin},
 booktitle = {Conference on Applications, Technologies, Architectures, and Protocols for Computer Communication},
 journal = {Proceedings of the ACM SIGCOMM 2022 Conference},
 title = {Multi-resource interleaving for deep learning training},
 year = {2022}
}


@Article{Johnson2018TrainingDM,
 author = {Tyler B. Johnson and Carlos Guestrin},
 booktitle = {Neural Information Processing Systems},
 pages = {7276-7286},
 title = {Training Deep Models Faster with Robust, Approximate Importance Sampling},
 year = {2018}
}


@Inproceedings{Johnson2019AdaScaleSA,
 author = {Tyler B. Johnson and Pulkit Agrawal and Haijie Gu and Carlos Guestrin},
 title = {AdaScale SGD: A Scale-Invariant Algorithm for Distributed Training},
 year = {2019}
}


@Article{Yang2023TowardsSL,
 author = {Yu Yang and Hao Kang and Baharan Mirzasoleiman},
 booktitle = {International Conference on Machine Learning},
 pages = {39314-39330},
 title = {Towards Sustainable Learning: Coresets for Data-efficient Deep Learning},
 year = {2023}
}


@Article{Johnson2018TrainingDM,
 author = {Tyler B. Johnson and Carlos Guestrin},
 booktitle = {Neural Information Processing Systems},
 pages = {7276-7286},
 title = {Training Deep Models Faster with Robust, Approximate Importance Sampling},
 year = {2018}
}


@Article{Khan2022ExtractingTM,
 author = {Zirak Khan and Farrukh Arslan and Faseeha Munir and Mubashir Ali and Shahrukh},
 booktitle = {VFAST Transactions on Software Engineering},
 journal = {VFAST Transactions on Software Engineering},
 title = {Extracting the most important Discrete Cosine Transform (DCT) Coefficients for Image Compression using Deep Learning},
 year = {2022}
}


@Article{Khan2022ExtractingTM,
 author = {Zirak Khan and Farrukh Arslan and Faseeha Munir and Mubashir Ali and Shahrukh},
 booktitle = {VFAST Transactions on Software Engineering},
 journal = {VFAST Transactions on Software Engineering},
 title = {Extracting the most important Discrete Cosine Transform (DCT) Coefficients for Image Compression using Deep Learning},
 year = {2022}
}


@Article{Khan2022ExtractingTM,
 author = {Zirak Khan and Farrukh Arslan and Faseeha Munir and Mubashir Ali and Shahrukh},
 booktitle = {VFAST Transactions on Software Engineering},
 journal = {VFAST Transactions on Software Engineering},
 title = {Extracting the most important Discrete Cosine Transform (DCT) Coefficients for Image Compression using Deep Learning},
 year = {2022}
}


@Article{Huo2021LargeBO,
 author = {Zhouyuan Huo and Bin Gu and Heng Huang},
 booktitle = {AAAI Conference on Artificial Intelligence},
 pages = {7883-7890},
 title = {Large Batch Optimization for Deep Learning Using New Complete Layer-Wise Adaptive Rate Scaling},
 year = {2021}
}


@Article{Valenzise2018QualityAO,
 author = {G. Valenzise and Andrei I. Purica and Vedad Hulusic and Marco Cagnazzo},
 booktitle = {IEEE International Workshop on Multimedia Signal Processing},
 journal = {2018 IEEE 20th International Workshop on Multimedia Signal Processing (MMSP)},
 pages = {1-6},
 title = {Quality Assessment of Deep-Learning-Based Image Compression},
 year = {2018}
}

