%% LaTeX2e file `references.bib'
%% generated by the `filecontents' environment
%% from source `template' on 2024/12/26.
%%

  @inproceedings{wang2022learning,
  title={Learning from the cnn-based compressed domain},
  author={Wang, Zhenzhen and Qin, Minghai and Chen, Yen-Kuang},
  booktitle={Proceedings of the IEEE/CVF Winter Conference on Applications of Computer Vision},
  pages={3582--3590},
  year={2022}
}

@article{azimi2020structural,
  title={Structural health monitoring using extremely compressed data through deep learning},
  author={Azimi, Mohsen and Pekcan, Gokhan},
  journal={Computer-Aided Civil and Infrastructure Engineering},
  volume={35},
  number={6},
  pages={597--614},
  year={2020},
  publisher={Wiley Online Library}
}


@Article{LeCun1998GradientbasedLA,
 author = {Yann LeCun and L. Bottou and Yoshua Bengio and P. Haffner},
 booktitle = {Proceedings of the IEEE},
 journal = {Proc. IEEE},
 pages = {2278-2324},
 title = {Gradient-based learning applied to document recognition},
 volume = {86},
 year = {1998}
}


@Inproceedings{Hegde2007EfficientML,
 author = {C. Hegde and M. Davenport and M. Wakin and Richard Baraniuk},
 title = {Efficient Machine Learning Using Random Projections},
 year = {2007}
}


@Article{Horoi2021ExploringTG,
 author = {Stefan Horoi and Je-chun Huang and Bastian Alexander Rieck and Guillaume Lajoie and Guy Wolf and Smita Krishnaswamy},
 booktitle = {International Symposium on Intelligent Data Analysis},
 pages = {171-184},
 title = {Exploring the Geometry and Topology of Neural Network Loss Landscapes},
 year = {2021}
}


@Article{Horoi2021ExploringTG,
 author = {Stefan Horoi and Je-chun Huang and Bastian Alexander Rieck and Guillaume Lajoie and Guy Wolf and Smita Krishnaswamy},
 booktitle = {International Symposium on Intelligent Data Analysis},
 pages = {171-184},
 title = {Exploring the Geometry and Topology of Neural Network Loss Landscapes},
 year = {2021}
}


@Inproceedings{Gupta1999AnEP,
 author = {Anupam Gupta and S. Dasgupta},
 title = {An elementary proof of the Johnson-Lindenstrauss Lemma},
 year = {1999}
}


@Inproceedings{Hegde2007EfficientML,
 author = {C. Hegde and M. Davenport and M. Wakin and Richard Baraniuk},
 title = {Efficient Machine Learning Using Random Projections},
 year = {2007}
}


@Article{Bingham2001RandomPI,
 author = {Ella Bingham and H. Mannila},
 booktitle = {Knowledge Discovery and Data Mining},
 pages = {245-250},
 title = {Random projection in dimensionality reduction: applications to image and text data},
 year = {2001}
}


@Article{Zhu2017ToPO,
 author = {Michael Zhu and Suyog Gupta},
 booktitle = {International Conference on Learning Representations},
 journal = {ArXiv},
 title = {To prune, or not to prune: exploring the efficacy of pruning for model compression},
 volume = {abs/1710.01878},
 year = {2017}
}


@Article{Herrmann2022ChaoticDA,
 author = {Luis M. Herrmann and Maximilian Granz and Tim Landgraf},
 booktitle = {Neural Information Processing Systems},
 title = {Chaotic Dynamics are Intrinsic to Neural Network Training with SGD},
 year = {2022}
}


@Article{Deng2020ModelCA,
 author = {By Lei Deng and Guoqi Li and Song Han and Luping Shi and Yuan Xie},
 booktitle = {Proceedings of the IEEE},
 journal = {Proceedings of the IEEE},
 pages = {485-532},
 title = {Model Compression and Hardware Acceleration for Neural Networks: A Comprehensive Survey},
 volume = {108},
 year = {2020}
}


@Article{Li2023ModelCF,
 author = {Zhuo Li and Hengyi Li and Lin Meng},
 booktitle = {De Computis},
 journal = {Comput.},
 pages = {60},
 title = {Model Compression for Deep Neural Networks: A Survey},
 volume = {12},
 year = {2023}
}


@Article{Fort2020DeepLV,
 author = {Stanislav Fort and G. Dziugaite and Mansheej Paul and Sepideh Kharaghani and Daniel M. Roy and S. Ganguli},
 booktitle = {Neural Information Processing Systems},
 journal = {ArXiv},
 title = {Deep learning versus kernel learning: an empirical study of loss landscape geometry and the time evolution of the Neural Tangent Kernel},
 volume = {abs/2010.15110},
 year = {2020}
}


@Article{Deng2020ModelCA,
 author = {By Lei Deng and Guoqi Li and Song Han and Luping Shi and Yuan Xie},
 booktitle = {Proceedings of the IEEE},
 journal = {Proceedings of the IEEE},
 pages = {485-532},
 title = {Model Compression and Hardware Acceleration for Neural Networks: A Comprehensive Survey},
 volume = {108},
 year = {2020}
}


@Article{Zhang2016UnderstandingDL,
 author = {Chiyuan Zhang and Samy Bengio and Moritz Hardt and B. Recht and O. Vinyals},
 booktitle = {International Conference on Learning Representations},
 journal = {ArXiv},
 title = {Understanding deep learning requires rethinking generalization},
 volume = {abs/1611.03530},
 year = {2016}
}


@Article{Fradkin2003ExperimentsWR,
 author = {Dmitriy Fradkin and D. Madigan},
 booktitle = {Knowledge Discovery and Data Mining},
 pages = {517-522},
 title = {Experiments with random projections for machine learning},
 year = {2003}
}

