%% LaTeX2e file `references.bib'
%% generated by the `filecontents' environment
%% from source `template' on 2024/12/26.
%%

  @inproceedings{wang2022learning,
  title={Learning from the cnn-based compressed domain},
  author={Wang, Zhenzhen and Qin, Minghai and Chen, Yen-Kuang},
  booktitle={Proceedings of the IEEE/CVF Winter Conference on Applications of Computer Vision},
  pages={3582--3590},
  year={2022}
}

@article{azimi2020structural,
  title={Structural health monitoring using extremely compressed data through deep learning},
  author={Azimi, Mohsen and Pekcan, Gokhan},
  journal={Computer-Aided Civil and Infrastructure Engineering},
  volume={35},
  number={6},
  pages={597--614},
  year={2020},
  publisher={Wiley Online Library}
}


@Article{Kaplan2020ScalingLF,
 author = {J. Kaplan and Sam McCandlish and T. Henighan and Tom B. Brown and B. Chess and R. Child and Scott Gray and Alec Radford and Jeff Wu and Dario Amodei},
 booktitle = {arXiv.org},
 journal = {ArXiv},
 title = {Scaling Laws for Neural Language Models},
 volume = {abs/2001.08361},
 year = {2020}
}


@Article{Tang2020CommunicationEfficientDD,
 author = {Zhenheng Tang and S. Shi and X. Chu and Wei Wang and Bo Li},
 booktitle = {arXiv.org},
 journal = {ArXiv},
 title = {Communication-Efficient Distributed Deep Learning: A Comprehensive Survey},
 volume = {abs/2003.06307},
 year = {2020}
}


@Article{Chen2019LossyID,
 author = {Zhuo Chen and Kui Fan and Shiqi Wang and Ling-yu Duan and Weisi Lin and A. Kot},
 booktitle = {ACM Multimedia},
 journal = {Proceedings of the 27th ACM International Conference on Multimedia},
 title = {Lossy Intermediate Deep Learning Feature Compression and Evaluation},
 year = {2019}
}


@Article{Hu2024ASO,
 author = {Shizhe Hu and Zhengzheng Lou and Xiaoqiang Yan and Yangdong Ye},
 booktitle = {IEEE Transactions on Pattern Analysis and Machine Intelligence},
 journal = {IEEE Transactions on Pattern Analysis and Machine Intelligence},
 pages = {5325-5344},
 title = {A Survey on Information Bottleneck},
 volume = {46},
 year = {2024}
}


@Article{Tishby2015DeepLA,
 author = {Naftali Tishby and Noga Zaslavsky},
 booktitle = {Information Theory Workshop},
 journal = {2015 IEEE Information Theory Workshop (ITW)},
 pages = {1-5},
 title = {Deep learning and the information bottleneck principle},
 year = {2015}
}


@Article{Müller2023DimensionalityRF,
 author = {Dajana Müller and D. Schuhmacher and S. Schörner and Frederik Großerüschkamp and I. Tischoff and Andrea Tannapfel and Anke C. Reinacher-Schick and K. Gerwert and A. Mosig},
 booktitle = {In Analysis},
 journal = {The Analyst},
 title = {Dimensionality reduction for deep learning in infrared microscopy: a comparative computational survey.},
 year = {2023}
}


@Article{Lazzari2023UnderstandingTS,
 author = {J. Lazzari and Xiuwen Liu},
 booktitle = {arXiv.org},
 journal = {ArXiv},
 title = {Understanding the Spectral Bias of Coordinate Based MLPs Via Training Dynamics},
 volume = {abs/2301.05816},
 year = {2023}
}


@Article{Suh2024ASO,
 author = {Namjoon Suh and Guang Cheng},
 booktitle = {Annual Review of Statistics and Its Application},
 journal = {ArXiv},
 title = {A Survey on Statistical Theory of Deep Learning: Approximation, Training Dynamics, and Generative Models},
 volume = {abs/2401.07187},
 year = {2024}
}

@Article{Xu2023DynamicsID,
 author = {Mengjia Xu and Akshay Rangamani and Andrzej Banburski and Q. Liao and Tomer and Galanti and T. Poggio},
 booktitle = {Research},
 journal = {Research},
 title = {Dynamics in Deep Classifiers Trained with the Square Loss: Normalization, Low Rank, Neural Collapse, and Generalization Bounds},
 volume = {6},
 year = {2023}
}


@Inproceedings{Jiang2024EffectiveRA,
 author = {Yang Jiang and Yuxiang Zhao and Quanhui Zhu},
 title = {Effective Rank and the Staircase Phenomenon: New Insights into Neural Network Training Dynamics},
 year = {2024}
}


@Article{Herrmann2022ChaoticDA,
 author = {Luis M. Herrmann and Maximilian Granz and Tim Landgraf},
 booktitle = {Neural Information Processing Systems},
 title = {Chaotic Dynamics are Intrinsic to Neural Network Training with SGD},
 year = {2022}
}


@Article{Song2017ResolutionAR,
 author = {Juyong Song and M. Marsili and Junghyo Jo},
 booktitle = {Journal of Statistical Mechanics: Theory and Experiment},
 journal = {Journal of Statistical Mechanics: Theory and Experiment},
 title = {Resolution and relevance trade-offs in deep learning},
 volume = {2018},
 year = {2017}
}


@Article{Zeng2021IterativeDM,
 author = {Y. Zeng and Xu-Sheng Liu and Lintan Sun and Wenzhong Li and Yuchu Fang and Sanglu Lu},
 booktitle = {Asian Conference on Machine Learning},
 pages = {331-346},
 title = {Iterative Deep Model Compression and Acceleration in the Frequency Domain},
 year = {2021}
}


@Article{Suh2024ASO,
 author = {Namjoon Suh and Guang Cheng},
 booktitle = {Annual Review of Statistics and Its Application},
 journal = {ArXiv},
 title = {A Survey on Statistical Theory of Deep Learning: Approximation, Training Dynamics, and Generative Models},
 volume = {abs/2401.07187},
 year = {2024}
}


@Article{Kalra2023PhaseDO,
 author = {Dayal Singh Kalra and M. Barkeshli},
 booktitle = {Neural Information Processing Systems},
 title = {Phase diagram of early training dynamics in deep neural networks: effect of the learning rate, depth, and width},
 year = {2023}
}


@Article{Rokh2022ACS,
 author = {Babak Rokh and A. Azarpeyvand and Alireza Khanteymoori},
 booktitle = {ACM Transactions on Intelligent Systems and Technology},
 journal = {ACM Transactions on Intelligent Systems and Technology},
 pages = {1 - 50},
 title = {A Comprehensive Survey on Model Quantization for Deep Neural Networks in Image Classification},
 volume = {14},
 year = {2022}
}

