%% LaTeX2e file `references.bib'
%% generated by the `filecontents' environment
%% from source `template' on 2024/12/28.
%%

@article{wang2018mask,
  title={Mask-pose cascaded cnn for 2d hand pose estimation from single color image},
  author={Wang, Yangang and Peng, Cong and Liu, Yebin},
  journal={IEEE Transactions on Circuits and Systems for Video Technology},
  volume={29},
  number={11},
  pages={3258--3268},
  year={2018},
  publisher={IEEE}
}




@Article{Xu2015ShowAA,
 author = {Ke Xu and Jimmy Ba and Ryan Kiros and Kyunghyun Cho and Aaron C. Courville and R. Salakhutdinov and R. Zemel and Yoshua Bengio},
 booktitle = {International Conference on Machine Learning},
 pages = {2048-2057},
 title = {Show, Attend and Tell: Neural Image Caption Generation with Visual Attention},
 year = {2015}
}


@Article{Howard2017MobileNetsEC,
 author = {Andrew G. Howard and Menglong Zhu and Bo Chen and Dmitry Kalenichenko and Weijun Wang and Tobias Weyand and M. Andreetto and Hartwig Adam},
 booktitle = {arXiv.org},
 journal = {ArXiv},
 title = {MobileNets: Efficient Convolutional Neural Networks for Mobile Vision Applications},
 volume = {abs/1704.04861},
 year = {2017}
}


@Article{Han2015DeepCC,
 author = {Song Han and Huizi Mao and W. Dally},
 booktitle = {International Conference on Learning Representations},
 journal = {arXiv: Computer Vision and Pattern Recognition},
 title = {Deep Compression: Compressing Deep Neural Network with Pruning, Trained Quantization and Huffman Coding},
 year = {2015}
}


@Article{Iandola2016SqueezeNetAA,
 author = {F. Iandola and Matthew W. Moskewicz and Khalid Ashraf and Song Han and W. Dally and K. Keutzer},
 booktitle = {arXiv.org},
 journal = {ArXiv},
 title = {SqueezeNet: AlexNet-level accuracy with 50x fewer parameters and <1MB model size},
 volume = {abs/1602.07360},
 year = {2016}
}


@Article{Han2015DeepCC,
 author = {Song Han and Huizi Mao and W. Dally},
 booktitle = {International Conference on Learning Representations},
 journal = {arXiv: Computer Vision and Pattern Recognition},
 title = {Deep Compression: Compressing Deep Neural Network with Pruning, Trained Quantization and Huffman Coding},
 year = {2015}
}


@Article{Zhang2017ShuffleNetAE,
 author = {Xiangyu Zhang and Xinyu Zhou and Mengxiao Lin and Jian Sun},
 booktitle = {2018 IEEE/CVF Conference on Computer Vision and Pattern Recognition},
 journal = {2018 IEEE/CVF Conference on Computer Vision and Pattern Recognition},
 pages = {6848-6856},
 title = {ShuffleNet: An Extremely Efficient Convolutional Neural Network for Mobile Devices},
 year = {2017}
}


@Article{Cheng2020LearnTP,
 author = {Qishang Cheng and Hongliang Li and Q. Wu and Fanman Meng and Linfeng Xu and K. Ngan},
 booktitle = {Conference on Multimedia Information Processing and Retrieval},
 journal = {2020 IEEE Conference on Multimedia Information Processing and Retrieval (MIPR)},
 pages = {291-296},
 title = {Learn to Pay Attention Via Switchable Attention for Image Recognition},
 year = {2020}
}


@Article{Sandler2018MobileNetV2IR,
 author = {M. Sandler and Andrew G. Howard and Menglong Zhu and A. Zhmoginov and Liang-Chieh Chen},
 booktitle = {2018 IEEE/CVF Conference on Computer Vision and Pattern Recognition},
 journal = {2018 IEEE/CVF Conference on Computer Vision and Pattern Recognition},
 pages = {4510-4520},
 title = {MobileNetV2: Inverted Residuals and Linear Bottlenecks},
 year = {2018}
}


@Article{Tan2019EfficientNetRM,
 author = {Mingxing Tan and Quoc V. Le},
 booktitle = {International Conference on Machine Learning},
 journal = {ArXiv},
 title = {EfficientNet: Rethinking Model Scaling for Convolutional Neural Networks},
 volume = {abs/1905.11946},
 year = {2019}
}


@Article{Krizhevsky2012ImageNetCW,
 author = {A. Krizhevsky and I. Sutskever and Geoffrey E. Hinton},
 booktitle = {Communications of the ACM},
 journal = {Communications of the ACM},
 pages = {84 - 90},
 title = {ImageNet classification with deep convolutional neural networks},
 volume = {60},
 year = {2012}
}


@Inproceedings{Zheng2018ProcessingGA,
 author = {Yufeng Zheng and Jun Huang and Tianwen Chen and Yang Ou and Wu Zhou},
 booktitle = {Commercial + Scientific Sensing and Imaging},
 title = {Processing global and local features in convolutional neural network (CNN) and primate visual systems},
 volume = {10668},
 year = {2018}
}


@Inproceedings{Zheng2018ProcessingGA,
 author = {Yufeng Zheng and Jun Huang and Tianwen Chen and Yang Ou and Wu Zhou},
 booktitle = {Commercial + Scientific Sensing and Imaging},
 title = {Processing global and local features in convolutional neural network (CNN) and primate visual systems},
 volume = {10668},
 year = {2018}
}


@Inproceedings{Zheng2018ProcessingGA,
 author = {Yufeng Zheng and Jun Huang and Tianwen Chen and Yang Ou and Wu Zhou},
 booktitle = {Commercial + Scientific Sensing and Imaging},
 title = {Processing global and local features in convolutional neural network (CNN) and primate visual systems},
 volume = {10668},
 year = {2018}
}


@Article{He2015DelvingDI,
 author = {Kaiming He and X. Zhang and Shaoqing Ren and Jian Sun},
 booktitle = {IEEE International Conference on Computer Vision},
 journal = {2015 IEEE International Conference on Computer Vision (ICCV)},
 pages = {1026-1034},
 title = {Delving Deep into Rectifiers: Surpassing Human-Level Performance on ImageNet Classification},
 year = {2015}
}


@Inproceedings{Zheng2018ProcessingGA,
 author = {Yufeng Zheng and Jun Huang and Tianwen Chen and Yang Ou and Wu Zhou},
 booktitle = {Commercial + Scientific Sensing and Imaging},
 title = {Processing global and local features in convolutional neural network (CNN) and primate visual systems},
 volume = {10668},
 year = {2018}
}


@Article{Jaderberg2015SpatialTN,
 author = {Max Jaderberg and K. Simonyan and Andrew Zisserman and K. Kavukcuoglu},
 booktitle = {Neural Information Processing Systems},
 journal = {ArXiv},
 title = {Spatial Transformer Networks},
 volume = {abs/1506.02025},
 year = {2015}
}

