%% LaTeX2e file `references.bib'
%% generated by the `filecontents' environment
%% from source `template' on 2024/12/26.
%%

  @inproceedings{wang2022learning,
  title={Learning from the cnn-based compressed domain},
  author={Wang, Zhenzhen and Qin, Minghai and Chen, Yen-Kuang},
  booktitle={Proceedings of the IEEE/CVF Winter Conference on Applications of Computer Vision},
  pages={3582--3590},
  year={2022}
}

@article{azimi2020structural,
  title={Structural health monitoring using extremely compressed data through deep learning},
  author={Azimi, Mohsen and Pekcan, Gokhan},
  journal={Computer-Aided Civil and Infrastructure Engineering},
  volume={35},
  number={6},
  pages={597--614},
  year={2020},
  publisher={Wiley Online Library}
}


@Article{Howard2017MobileNetsEC,
 author = {Andrew G. Howard and Menglong Zhu and Bo Chen and Dmitry Kalenichenko and Weijun Wang and Tobias Weyand and M. Andreetto and Hartwig Adam},
 booktitle = {arXiv.org},
 journal = {ArXiv},
 title = {MobileNets: Efficient Convolutional Neural Networks for Mobile Vision Applications},
 volume = {abs/1704.04861},
 year = {2017}
}


@Article{LeCun1989OptimalBD,
 author = {Yann LeCun and J. Denker and S. Solla},
 booktitle = {Neural Information Processing Systems},
 pages = {598-605},
 title = {Optimal Brain Damage},
 year = {1989}
}


@Article{Han2015DeepCC,
 author = {Song Han and Huizi Mao and W. Dally},
 booktitle = {International Conference on Learning Representations},
 journal = {arXiv: Computer Vision and Pattern Recognition},
 title = {Deep Compression: Compressing Deep Neural Network with Pruning, Trained Quantization and Huffman Coding},
 year = {2015}
}


@Article{Howard2017MobileNetsEC,
 author = {Andrew G. Howard and Menglong Zhu and Bo Chen and Dmitry Kalenichenko and Weijun Wang and Tobias Weyand and M. Andreetto and Hartwig Adam},
 booktitle = {arXiv.org},
 journal = {ArXiv},
 title = {MobileNets: Efficient Convolutional Neural Networks for Mobile Vision Applications},
 volume = {abs/1704.04861},
 year = {2017}
}


@Article{Liu2020AreLN,
 author = {Chenxi Liu and Piotr Doll'ar and Kaiming He and Ross B. Girshick and A. Yuille and Saining Xie},
 booktitle = {European Conference on Computer Vision},
 pages = {798-813},
 title = {Are Labels Necessary for Neural Architecture Search?},
 year = {2020}
}


@Article{Zoph2016NeuralAS,
 author = {Barret Zoph and Quoc V. Le},
 booktitle = {International Conference on Learning Representations},
 journal = {ArXiv},
 title = {Neural Architecture Search with Reinforcement Learning},
 volume = {abs/1611.01578},
 year = {2016}
}


@Article{Zeng2021IterativeDM,
 author = {Y. Zeng and Xu-Sheng Liu and Lintan Sun and Wenzhong Li and Yuchu Fang and Sanglu Lu},
 booktitle = {Asian Conference on Machine Learning},
 pages = {331-346},
 title = {Iterative Deep Model Compression and Acceleration in the Frequency Domain},
 year = {2021}
}


@Article{Han2015LearningBW,
 author = {Song Han and Jeff Pool and J. Tran and W. Dally},
 booktitle = {Neural Information Processing Systems},
 pages = {1135-1143},
 title = {Learning both Weights and Connections for Efficient Neural Network},
 year = {2015}
}


@Article{Shi2023TECOAU,
 author = {Yubo Shi and Meiqi Wang and Tianyu Cao and Jun Lin and Zhongfeng Wang},
 booktitle = {IEEE Transactions on Neural Networks and Learning Systems},
 journal = {IEEE Transactions on Neural Networks and Learning Systems},
 pages = {17856-17866},
 title = {TECO: A Unified Feature Map Compression Framework Based on Transform and Entropy},
 volume = {35},
 year = {2023}
}


@Article{Roy2024DCTCryptoNetsSP,
 author = {Arjun Roy and Kaushik Roy},
 booktitle = {arXiv.org},
 journal = {ArXiv},
 title = {DCT-CryptoNets: Scaling Private Inference in the Frequency Domain},
 volume = {abs/2408.15231},
 year = {2024}
}


@Article{Wu2020COMPRESSIVESB,
 author = {Yirui Wu and Zhou Meng and hivakumara Palaiahnakote and Tong Lu},
 booktitle = {Malaysian Journal of Computer Science},
 journal = {Malaysian Journal of Computer Science},
 title = {COMPRESSIVE SENSING BASED CONVOLUTIONAL NEURAL NETWORK FOR OBJECT DETECTION},
 year = {2020}
}


@Article{Cheng2018RecentAI,
 author = {Jian Cheng and Peisong Wang and Gang Li and Qinghao Hu and Hanqing Lu},
 booktitle = {Frontiers of Information Technology & Electronic Engineering},
 journal = {Frontiers of Information Technology & Electronic Engineering},
 pages = {64-77},
 title = {Recent advances in efficient computation of deep convolutional neural networks},
 volume = {19},
 year = {2018}
}


@Article{Xu2023ChannelAF,
 author = {Shige Xu and Lei Zhang and Yin Tang and Chaolei Han and Hao Wu and Aiguo Song},
 booktitle = {IEEE Transactions on Knowledge and Data Engineering},
 journal = {IEEE Transactions on Knowledge and Data Engineering},
 pages = {12497-12512},
 title = {Channel Attention for Sensor-Based Activity Recognition: Embedding Features into all Frequencies in DCT Domain},
 volume = {35},
 year = {2023}
}


@Inproceedings{Yang2019DynamicstridenetDC,
 author = {Zerui Yang and Yuhui Xu and Wenrui Dai and H. Xiong},
 booktitle = {SPIE/COS Photonics Asia},
 pages = {1118707 - 1118707-12},
 title = {Dynamic-stride-net: deep convolutional neural network with dynamic stride},
 volume = {11187},
 year = {2019}
}


@Inproceedings{Yang2019DynamicstridenetDC,
 author = {Zerui Yang and Yuhui Xu and Wenrui Dai and H. Xiong},
 booktitle = {SPIE/COS Photonics Asia},
 pages = {1118707 - 1118707-12},
 title = {Dynamic-stride-net: deep convolutional neural network with dynamic stride},
 volume = {11187},
 year = {2019}
}

