%% LaTeX2e file `references.bib'
%% generated by the `filecontents' environment
%% from source `template' on 2024/12/28.
%%

@article{wang2018mask,
  title={Mask-pose cascaded cnn for 2d hand pose estimation from single color image},
  author={Wang, Yangang and Peng, Cong and Liu, Yebin},
  journal={IEEE Transactions on Circuits and Systems for Video Technology},
  volume={29},
  number={11},
  pages={3258--3268},
  year={2018},
  publisher={IEEE}
}




@Article{He2015DelvingDI,
 author = {Kaiming He and X. Zhang and Shaoqing Ren and Jian Sun},
 booktitle = {IEEE International Conference on Computer Vision},
 journal = {2015 IEEE International Conference on Computer Vision (ICCV)},
 pages = {1026-1034},
 title = {Delving Deep into Rectifiers: Surpassing Human-Level Performance on ImageNet Classification},
 year = {2015}
}


@Article{Han2015DeepCC,
 author = {Song Han and Huizi Mao and W. Dally},
 booktitle = {International Conference on Learning Representations},
 journal = {arXiv: Computer Vision and Pattern Recognition},
 title = {Deep Compression: Compressing Deep Neural Network with Pruning, Trained Quantization and Huffman Coding},
 year = {2015}
}


@Article{Howard2017MobileNetsEC,
 author = {Andrew G. Howard and Menglong Zhu and Bo Chen and Dmitry Kalenichenko and Weijun Wang and Tobias Weyand and M. Andreetto and Hartwig Adam},
 booktitle = {arXiv.org},
 journal = {ArXiv},
 title = {MobileNets: Efficient Convolutional Neural Networks for Mobile Vision Applications},
 volume = {abs/1704.04861},
 year = {2017}
}


@Article{Shwartz-Ziv2017OpeningTB,
 author = {Ravid Shwartz-Ziv and Naftali Tishby},
 booktitle = {arXiv.org},
 journal = {ArXiv},
 title = {Opening the Black Box of Deep Neural Networks via Information},
 volume = {abs/1703.00810},
 year = {2017}
}


@Article{Krizhevsky2012ImageNetCW,
 author = {A. Krizhevsky and I. Sutskever and Geoffrey E. Hinton},
 booktitle = {Communications of the ACM},
 journal = {Communications of the ACM},
 pages = {84 - 90},
 title = {ImageNet classification with deep convolutional neural networks},
 volume = {60},
 year = {2012}
}


@Article{Zangana2024ExploringIR,
 author = {H. Zangana and Ayaz Khalid Mohammed and Zina Bibo Sallow and Firas Mahmood Mustafa},
 booktitle = {Indonesian Journal of Computer Science},
 journal = {Indonesian Journal of Computer Science},
 title = {Exploring Image Representation and Color Spaces in Computer Vision: A Comprehensive Review},
 year = {2024}
}


@Article{Wang2018ExploringLR,
 author = {Dong Wang and Lei Zhou and Xueni Zhang and Xiao Bai and Jun Zhou},
 booktitle = {arXiv.org},
 journal = {ArXiv},
 title = {Exploring Linear Relationship in Feature Map Subspace for ConvNets Compression},
 volume = {abs/1803.05729},
 year = {2018}
}


@Article{Iandola2016SqueezeNetAA,
 author = {F. Iandola and Matthew W. Moskewicz and Khalid Ashraf and Song Han and W. Dally and K. Keutzer},
 booktitle = {arXiv.org},
 journal = {ArXiv},
 title = {SqueezeNet: AlexNet-level accuracy with 50x fewer parameters and <1MB model size},
 volume = {abs/1602.07360},
 year = {2016}
}


@Inproceedings{Gonz치lez2006DigitalIP,
 author = {R. Gonz치lez and R. Woods and S. L. Eddins},
 pages = {I-XIV, 1-609},
 title = {Digital image processing using MATLAB},
 year = {2006}
}


@Article{Zhao2022ASO,
 author = {Tianming Zhao and Yucheng Xie and Yan Wang and Jerry Q. Cheng and Xiaonan Guo and B. Hu and Yingying Chen},
 booktitle = {Proceedings of the IEEE},
 journal = {Proceedings of the IEEE},
 pages = {334-354},
 title = {A Survey of Deep Learning on Mobile Devices: Applications, Optimizations, Challenges, and Research Opportunities},
 volume = {110},
 year = {2022}
}


@Inproceedings{Gonz치lez2006DigitalIP,
 author = {R. Gonz치lez and R. Woods and S. L. Eddins},
 pages = {I-XIV, 1-609},
 title = {Digital image processing using MATLAB},
 year = {2006}
}


@Article{Loshchilov2016SGDRSG,
 author = {I. Loshchilov and F. Hutter},
 booktitle = {International Conference on Learning Representations},
 journal = {arXiv: Learning},
 title = {SGDR: Stochastic Gradient Descent with Warm Restarts},
 year = {2016}
}


@Article{Zhao2022ASO,
 author = {Tianming Zhao and Yucheng Xie and Yan Wang and Jerry Q. Cheng and Xiaonan Guo and B. Hu and Yingying Chen},
 booktitle = {Proceedings of the IEEE},
 journal = {Proceedings of the IEEE},
 pages = {334-354},
 title = {A Survey of Deep Learning on Mobile Devices: Applications, Optimizations, Challenges, and Research Opportunities},
 volume = {110},
 year = {2022}
}


@Article{He2015DelvingDI,
 author = {Kaiming He and X. Zhang and Shaoqing Ren and Jian Sun},
 booktitle = {IEEE International Conference on Computer Vision},
 journal = {2015 IEEE International Conference on Computer Vision (ICCV)},
 pages = {1026-1034},
 title = {Delving Deep into Rectifiers: Surpassing Human-Level Performance on ImageNet Classification},
 year = {2015}
}

